<record><leader>00000cas a2200000 a 4500</leader><controlfield tag="001">17449933</controlfield><controlfield tag="008">880209d19141918lauwr ne      0   a0eng c</controlfield><controlfield tag="009">8528</controlfield><datafield ind1=" " ind2=" " tag="010"><subfield code="a">sn 88064054 </subfield></datafield><datafield ind1=" " ind2=" " tag="040"><subfield code="a">LNP</subfield><subfield code="b">eng</subfield><subfield code="c">LNP</subfield><subfield code="d">LNP</subfield><subfield code="d">DLC</subfield><subfield code="d">OCLCF</subfield></datafield><datafield ind1=" " ind2=" " tag="012"><subfield code="l">a</subfield></datafield><datafield ind1="0" ind2=" " tag="022"><subfield code="a">2163-551X</subfield><subfield code="2">1</subfield></datafield><datafield ind1=" " ind2=" " tag="042"><subfield code="a">pcc</subfield><subfield code="a">nsdp</subfield></datafield><datafield ind1=" " ind2=" " tag="043"><subfield code="a">n-us-la</subfield></datafield><datafield ind1="0" ind2="0" tag="050"><subfield code="a">Newspaper</subfield></datafield><datafield ind1="1" ind2="0" tag="082"><subfield code="a">070</subfield><subfield code="2">14</subfield></datafield><datafield ind1=" " ind2="0" tag="222"><subfield code="a">Bogalusa enterprise</subfield></datafield><datafield ind1="0" ind2="0" tag="245"><subfield code="a">Bogalusa enterprise.</subfield></datafield><datafield ind1=" " ind2=" " tag="260"><subfield code="a">Bogalusa, La. :</subfield><subfield code="b">Clyde S. Moss,</subfield><subfield code="c">1914-</subfield></datafield><datafield ind1=" " ind2=" " tag="300"><subfield code="a">v.</subfield></datafield><datafield ind1=" " ind2=" " tag="310"><subfield code="a">Weekly</subfield></datafield><datafield ind1="0" ind2=" " tag="362"><subfield code="a">Vol. 1, no. 1 (Dec. 31, [1914])-</subfield></datafield><datafield ind1="1" ind2=" " tag="362"><subfield code="a">Ceased in Feb. 1918.</subfield></datafield><datafield ind1=" " ind2=" " tag="530"><subfield code="a">Archived issues are available in digital format as part of the Library of Congress Chronicling America online collection.</subfield></datafield><datafield ind1=" " ind2=" " tag="580"><subfield code="a">Merged with: Bogalusa American, to form: Bogalusa enterprise and American.</subfield></datafield><datafield ind1=" " ind2="0" tag="651"><subfield code="a">Bogalusa (La.)</subfield><subfield code="v">Newspapers.</subfield></datafield><datafield ind1=" " ind2="0" tag="651"><subfield code="a">Washington Parish (La.)</subfield><subfield code="v">Newspapers.</subfield></datafield><datafield ind1=" " ind2="7" tag="655"><subfield code="a">Newspapers.</subfield><subfield code="2">fast</subfield><subfield code="0">(OCoLC)fst01423814</subfield></datafield><datafield ind1=" " ind2="7" tag="651"><subfield code="a">Louisiana</subfield><subfield code="z">Bogalusa.</subfield><subfield code="2">fast</subfield><subfield code="0">(OCoLC)fst01217783</subfield></datafield><datafield ind1=" " ind2="7" tag="651"><subfield code="a">Louisiana</subfield><subfield code="z">Washington Parish.</subfield><subfield code="2">fast</subfield><subfield code="0">(OCoLC)fst01206629</subfield></datafield><datafield ind1=" " ind2=" " tag="752"><subfield code="a">United States</subfield><subfield code="b">Louisiana</subfield><subfield code="c">Washington</subfield><subfield code="d">Bogalusa.</subfield></datafield><datafield ind1="1" ind2="7" tag="785"><subfield code="t">Bogalusa American</subfield></datafield><datafield ind1="1" ind2="7" tag="785"><subfield code="t">Bogalusa enterprise and American</subfield><subfield code="w">(DLC)sn 88064055</subfield><subfield code="w">(OCoLC)17449943</subfield></datafield><datafield ind1="4" ind2="1" tag="856"><subfield code="u">http://www.loc.gov/chroniclingamerica/lccn/sn88064054/issues</subfield></datafield></record>